@misc{ UCI,
author = "Dua, Dheeru and Graff, Casey",
year = "Access 2019",
title = "UCI Machine Learning Repository",
url = "http://archive.ics.uci.edu/ml",
institution = "University of California, Irvine, School of Information and Computer Sciences" }


@Manual{Rlang,
     title = {R: A Language and Environment for Statistical Computing},
     author = {{R Core Team}},
     organization = {R Foundation for Statistical Computing},
     address = {Vienna, Austria},
     year = {2017},
     url = {https://www.R-project.org/},
   }
   
@Manual{arules1,
 title = {arules: Mining Association Rules and Frequent Itemsets},
 author = {Michael Hahsler and Christian Buchta and Bettina Gruen and Kurt Hornik},
 year = {2019},
 note = {R package version 1.6-4},
 url = {https://CRAN.R-project.org/package=arules},
}

@Article{arules2,
 title = {arules -- {A} Computational Environment for Mining Association Rules and Frequent Item Sets},
 author = {Michael Hahsler and Bettina Gruen and Kurt Hornik},
 year = {2005},
 journal = {Journal of Statistical Software},
 volume = {14},
 number = {15},
 pages = {1--25},
 doi = {10.18637/jss.v014.i15},
 month = {October},
 issn = {1548-7660},
}

@Article{arules3,
 title = {The arules R-Package Ecosystem: Analyzing Interesting Patterns from Large Transaction Datasets},
 author = {Michael Hahsler and Sudheer Chelluboina and Kurt Hornik and Christian Buchta},
 year = {2011},
 journal = {Journal of Machine Learning Research},
 volume = {12},
 pages = {1977--1981},
 url = {http://jmlr.csail.mit.edu/papers/v12/hahsler11a.html},
}

@Manual{ standardizedLift,
author = {Sharon McNicholas},
year = {2019},
title = {McMaster Stats 780 Data Science},
}


@Manual{e1071,
 title = {e1071: Misc Functions of the Department of Statistics, Probability
Theory Group (Formerly: E1071), TU Wien},
 author = {David Meyer and Evgenia Dimitriadou and Kurt Hornik and Andreas Weingessel and Friedrich Leisch},
 year = {2019},
 note = {R package version 1.7-2},
 url = {https://CRAN.R-project.org/package=e1071},
}

@Article{randomForest,
 title = {Classification and Regression by randomForest},
 author = {Andy Liaw and Matthew Wiener},
 journal = {R News},
 year = {2002},
 volume = {2},
 number = {3},
 pages = {18-22},
 url = {https://CRAN.R-project.org/doc/Rnews/},
}

@Book{nnet,
 title = {Modern Applied Statistics with S},
 author = {W. N. Venables and B. D. Ripley},
 publisher = {Springer},
 edition = {Fourth},
 address = {New York},
 year = {2002},
 note = {ISBN 0-387-95457-0},
 url = {http://www.stats.ox.ac.uk/pub/MASS4},
}

@Manual{tree,
 title = {tree: Classification and Regression Trees},
 author = {Brian Ripley},
 year = {2019},
 note = {R package version 1.0-40},
 url = {https://CRAN.R-project.org/package=tree},
}


@Manual{ aRulesLecture,
author = {Sharon McNicholas},
year = {2019},
title = {McMaster Stats 780 Data Science Lecture 2},
}

@Manual{ ariLecture,
author = {Sharon McNicholas},
year = {2019},
title = {McMaster Stats 780 Data Science Lecture 8},
}

@Manual{ forestLecture,
author = {Sharon McNicholas},
year = {2019},
title = {McMaster Stats 780 Data Science Lecture 11},
}

@Manual{ nnetLecture,
author = {Sharon McNicholas},
year = {2019},
title = {McMaster Stats 780 Data Science Lecture 20},
}

