@misc{dataset ,
	author = "B. German and Vina Spiehler",
	year = "2019",
	title = "{UCI} Machine Learning Repository, Glass Identification Data Set",
	url = "https://archive.ics.uci.edu/ml/datasets/Glass+Identification",
	institution = "University of California, Irvine, School of Information and Computer Sciences" 
	}
	
@Misc{glassEvidence,
	author = {Bureau of Forensic Services (BFS)},
	title = {Physical Evidence Bulletin},
	howpublished  = {\url{https://oag.ca.gov/sites/all/files/agweb/pdfs/cci/reference/peb_9.pdf}},
	note = {Accessed 2019-03-31}
	}
	
@Book{R_KNN,
    title = {Modern Applied Statistics with S},
    author = {W. N. Venables and B. D. Ripley},
    publisher = {Springer},
    edition = {Fourth},
    address = {New York},
    year = {2002},
    note = {ISBN 0-387-95457-0},
    url = {http://www.stats.ox.ac.uk/pub/MASS4},
  }

@Manual{R_Class_Tree,
    title = {rpart: Recursive Partitioning and Regression Trees},
    author = {Terry Therneau and Beth Atkinson},
    year = {2018},
    note = {R package version 4.1-13},
    url = {https://CRAN.R-project.org/package=rpart},
  }
	
@Manual{R_ARI,
    title = {e1071: Misc Functions of the Department of Statistics, Probability
Theory Group (Formerly: E1071), TU Wien},
    author = {David Meyer and Evgenia Dimitriadou and Kurt Hornik and Andreas Weingessel and Friedrich Leisch},
    year = {2019},
    note = {R package version 1.7-1},
    url = {https://CRAN.R-project.org/package=e1071},
  }

@Manual{Lecture,
	  author       = {Sharon McNicholas}, 
	  title        = {Stats 4M03 (Multivariate Analysis) Lecture},
	  institution  = "McMaster University" 
	}
